%% This BibTeX bibliography file was created using BibDesk.
%% http://bibdesk.sourceforge.net/


%% Created for Dan Yurovsky at 2015-01-20 15:40:30 -0800 


%% Saved with string encoding Unicode (UTF-8) 



@article{fenson1994,
	Author = {Fenson, Larry and Dale, Philip S and Reznick, J Steven and Bates, Elizabeth and Thal, Donna J and Pethick, Stephen J and Tomasello, Michael and Mervis, Carolyn B and Stiles, Joan},
	Date-Added = {2015-01-20 23:39:46 +0000},
	Date-Modified = {2015-01-20 23:39:50 +0000},
	Journal = {Monographs of the society for research in child development},
	Pages = {i--185},
	Publisher = {JSTOR},
	Title = {Variability in early communicative development},
	Year = {1994}}

@article{tincoff2012,
	Author = {Tincoff, Ruth and Jusczyk, Peter W},
	Date-Added = {2015-01-20 23:38:27 +0000},
	Date-Modified = {2015-01-20 23:39:50 +0000},
	Journal = {Infancy},
	Number = {4},
	Pages = {432--444},
	Publisher = {Wiley Online Library},
	Title = {Six-Month-Olds comprehend words that refer to parts of the body},
	Volume = {17},
	Year = {2012}}

@article{tincoff1999,
	Author = {Tincoff, R. and Jusczyk, P. W.},
	Date-Added = {2015-01-20 23:36:08 +0000},
	Date-Modified = {2015-01-20 23:39:50 +0000},
	Doi = {10.1111/1467-9280.00127},
	File = {:C$\backslash$:/Users/Dan/Documents/My Dropbox/Mendeley/Tincoff, Jusczyk - Psychological Science - 1999.pdf:pdf},
	Issn = {0956-7976},
	Journal = {Psychological Science},
	Pages = {172--175},
	Title = {{Some Beginnings of Word Comprehension in 6-Month-Olds}},
	Volume = {10},
	Year = {1999},
	Bdsk-Url-1 = {http://dx.doi.org/10.1111/1467-9280.00127}}

@article{bergelson2012,
	Author = {Bergelson, E. and Swingley, D.},
	Date-Added = {2015-01-20 23:35:37 +0000},
	Date-Modified = {2015-01-20 23:39:50 +0000},
	Doi = {10.1073/pnas.1113380109},
	File = {:C$\backslash$:/Users/Dan/Documents/My Dropbox/Mendeley/Bergelson, Swingley - Proceedings of the National Academy of Sciences - 2012.pdf:pdf},
	Issn = {0027-8424},
	Journal = {Proceedings of the National Academy of Sciences},
	Pages = {3253--3258},
	Title = {{At 6-9 months, human infants know the meanings of many common nouns}},
	Volume = {109},
	Year = {2012},
	Bdsk-Url-1 = {http://dx.doi.org/10.1073/pnas.1113380109}}
